Count again;
 
@article{kumar2023,
  author = {Nand Kumar},
  title = {Harnessing the Power of High-Dimensional Data: Challenges and Opportunities in Analytics},
  journal = {TJJPT},
  year = {2023},
  month = {September},
  doi = {10.52783/tjjpt.v44.i2.193}
}
@article{rusu2022,
  author = {B.-F. Rusu and L. Hurloiu and I.-I. Hurloiu and M. Geamănu},
  title = {High-Dimensional Data: A Source of Competitive Advantage},
  journal = {Annals of Spiru Haret University Economic Series},
  year = {2022},
  month = {June},
  doi = {10.26458/2227}
}
@article{jain1999,
  author = {A. K. Jain and M. N. Murty and P. J. Flynn},
  title = {Data clustering: A review},
  journal = {ACM Computing Surveys},
  year = {1999},
  volume = {31},
  number = {3},
  pages = {264--323}
}
@article{benabdellah2019,
  author = {A. C. Benabdellah and A. Benghabrit and I. Bouhaddou},
  title = {High-Dimensional Data clustering: A survey},
  journal = {Procedia Computer Science},
  year = {2019},
  volume = {148},
  pages = {560--569}
}
@article{henry2023,
  author = {Burl Henry},
  title = {Role of High-Dimensional Data in Achieving Competitive Advantage},
  journal = {Unknown},
  year = {2023},
  pages = {147--158},
  doi = {10.57240/dujmbk09}
}
@article{raut2011,
  author = {A. B. Raut and G. R. Bamnote},
  title = {Soft clustering: An overview},
  journal = {International Journal of Computer and Communication Technology},
  year = {2011},
  volume = {2},
  number = {3},
  pages = {1--6}
}
@inproceedings{wu2024,
  author = {Zihan Wu and others},
  title = {Scalable Co-Clustering for Large-Scale Data Through Dynamic Partitioning and Hierarchical Merging},
  booktitle = {SMC},
  year = {2024},
  pages = {4686--4691},
  doi = {10.1109/smc54092.2024.10832071}
}
@book{everitt2011,
  author = {B. S. Everitt and S. Landau and M. Leese and D. Stahl},
  title = {Cluster Analysis},
  publisher = {Wiley},
  edition = {5},
  year = {2011}
}
@article{manakkadu2024,
  author = {Sheheeda Manakkadu and Sourav Dutta},
  title = {Efficient Feature Clustering for High-Dimensional Datasets: A Non-Parametric Approach},
  journal = {Procedia Computer Science},
  volume = {237},
  year = {2024},
  pages = {576--585},
  url = {https://doi.org/10.1016/j.procs.2024.05.142}
}
@inproceedings{zong2020,
  author = {P. Zong and J. Jiang and J. Qin},
  title = {Study of High-Dimensional Data Analysis based on Clustering Algorithm},
  booktitle = {International Conference on Computer Science and Education},
  year = {2020},
  pages = {638--641},
  url = {https://doi.org/10.1109/ICCSE49874.2020.9201656}
}
@article{bezdek1984,
  author = {J. C. Bezdek},
  title = {FCM: The fuzzy c-means clustering algorithm},
  journal = {Computers & Geosciences},
  year = {1984},
  volume = {10},
  number = {2--3},
  pages = {191--203}
}
@article{hashemi2023,
  author = {Seyed Emadedin Hashemi and Fatemeh Gholian-Jouybari and Mostafa Hajiaghaei-Keshteli},
  title = {A fuzzy C-means algorithm for optimizing data clustering},
  journal = {Expert Systems with Applications},
  volume = {227},
  year = {2023},
  pages = {120377},
  issn = {0957-4174},
  url = {https://doi.org/10.1016/j.eswa.2023.120377}
}
@article{yu2004,
  author = {J. Yu and Q. Cheng and H. Huang},
  title = {Fuzzy c-median clustering algorithm},
  journal = {Pattern Recognition Letters},
  year = {2004},
  volume = {25},
  number = {4},
  pages = {451--457}
}
@article{mallik2024,
  author = {M. Alam Mallik and N. Fariza Zulkurnain and S. Siddiqui and R. Sarkar},
  title = {The Parallel Fuzzy C-Median Clustering Algorithm Using Spark for the High-Dimensional Data},
  journal = {IEEE Access},
  volume = {12},
  year = {2024},
  pages = {151785--151804},
  doi = {10.1109/ACCESS.2024.3463712}
}
@article{krishnapuram1993,
  author = {R. Krishnapuram and J. M. Keller},
  title = {A possibilistic approach to clustering},
  journal = {IEEE Transactions on Fuzzy Systems},
  year = {1993},
  volume = {1},
  number = {2},
  pages = {98--110}
}
@inproceedings{mallik2021,
  author = {Moksud Mallik and Nurul Zulkurnain and Mohammed Nizamuddin and Aboosalih KC},
  title = {An Efficient Fuzzy C-Least Median Clustering Algorithm},
  booktitle = {IOP Conference Series: Materials Science and Engineering},
  volume = {1070},
  year = {2021},
  pages = {012050},
  url = {10.1088/1757-899X/1070/1/012050}
}
@article{pal1995,
  author = {N. R. Pal and K. Pal and J. C. Bezdek},
  title = {A possibilistic fuzzy c-means clustering algorithm},
  journal = {IEEE Transactions on Fuzzy Systems},
  year = {1995},
  volume = {3},
  number = {4},
  pages = {508--516}
}
@inproceedings{zhang2019,
  author = {Weining Zhang and Xiaoyang Tan},
  title = {Combining Outlier Detection and Reconstruction Error Minimization for Label Noise Reduction},
  booktitle = {International Conference on High-Dimensional Data and Smart Computing},
  year = {2019},
  pages = {1--4},
  url = {https://doi.org/10.1109/BIGCOMP.2019.8679275}
}
@article{amil2019,
  author = {P. Amil and N. Almeira and N. Almeira and C. Masoller},
  title = {Outlier Mining Methods Based on Graph Structure Analysis},
  journal = {Frontiers of Physics in China},
  volume = {7},
  year = {2019},
  pages = {194},
  url = {https://doi.org/10.3389/FPHY.2019.00194}
}
@article{pitafi2023,
  author = {Shahneela Pitafi and others},
  title = {A Taxonomy of Machine Learning Clustering Algorithms, Challenges, and Future Realms},
  journal = {Applied Sciences},
  volume = {13},
  number = {6},
  year = {2023},
  pages = {3529},
  url = {https://doi.org/10.3390/app13063529}
}
@article{awad2023,
  author = {Fouad H. Awad and Murtadha M. Hamad},
  title = {High-Dimensional Data Clustering Techniques Challenged and Perspectives: Review},
  journal = {Informatica},
  volume = {47},
  number = {6},
  year = {2023},
  url = {https://doi.org/10.31449/inf.v47i6.4445}
}
@article{taheri2024,
  author = {Sona Taheri and others},
  title = {Robust Clustering Algorithm: The Use of Soft Trimming Approach},
  journal = {Pattern Recognition Letters},
  year = {2024},
  url = {https://doi.org/10.1016/j.patrec.2024.06.032}
}
@inproceedings{baldassi2022,
  author = {Carlo Baldassi},
  title = {Systematically and Efficiently Improving $k$-Means Initialization by Pairwise-Nearest-Neighbor Smoothing},
  booktitle = {Unknown},
  year = {2022}
}
@article{li2018,
  author = {B. Li},
  title = {An Experiment of K-Means Initialization Strategies on Handwritten Digits Dataset},
  journal = {Intelligent Information Management},
  volume = {10},
  year = {2018},
  pages = {43--48},
  doi = {10.4236/iim.2018.102003}
}
@article{elhaik2022,
  author = {E. Elhaik},
  title = {Principal Component Analyses (PCA)-based findings in population genetic studies are highly biased and must be reevaluated},
  journal = {Scientific Reports},
  volume = {12},
  year = {2022},
  pages = {14683},
  url = {https://doi.org/10.1038/s41598-022-14395-4}
}
@article{xu2005,
  author = {R. Xu and D. Wunsch},
  title = {Survey of clustering algorithms},
  journal = {IEEE Transactions on Neural Networks},
  volume = {16},
  number = {3},
  year = {2005},
  pages = {645--678}
}
@article{dunn1973,
  author = {J. C. Dunn},
  title = {A fuzzy relative of the ISODATA process and its use in detecting compact well-separated clusters},
  journal = {Journal of Cybernetics},
  volume = {3},
  number = {3},
  year = {1973},
  pages = {32--57}
}
@article{adil2014,
  author = {S. H. Adil and U. Qamar and M. Saqib and A. M. Qamar},
  title = {A survey of clustering algorithms for High-Dimensional Data analysis},
  journal = {International Journal of Advanced Computer Science and Applications},
  volume = {5},
  number = {8},
  year = {2014},
  pages = {1--8}
}
@inproceedings{ester1996,
  author = {M. Ester and H. P. Kriegel and J. Sander and X. Xu},
  title = {A density-based algorithm for discovering clusters in large spatial databases with noise},
  booktitle = {Proceedings of the 2nd International Conference on Knowledge Discovery and Data Mining},
  year = {1996},
  pages = {226--231}
}
@article{zhang1997,
  author = {T. Zhang and R. Ramakrishnan and M. Livny},
  title = {BIRCH: An efficient data clustering method for very large databases},
  journal = {Data Mining and Knowledge Discovery},
  volume = {1},
  number = {2},
  year = {1997},
  pages = {141--182}
}
@inproceedings{bahmani2012,
  author = {Bahman Bahmani and Benjamin Moseley and Andrea Vattani and Ravi Kumar and Sergei Vassilvitskii},
  title = {Scalable K-Means++},
  booktitle = {Proceedings of VLDB Endowment},
  volume = {5},
  year = {2012},
  doi = {10.14778/2180912.2180915}
}
@inproceedings{sculley2010,
  author = {D. Sculley},
  title = {Web-scale k-means clustering},
  booktitle = {Proceedings of the 19th International Conference on World Wide Web},
  year = {2010},
  pages = {1177--1178}
}
@article{peng2018,
  author = {Kai Peng and Qingjia Huang},
  title = {Clustering Approach Based on Mini Batch Kmeans for Intrusion Detection System Over High-Dimensional Data},
  journal = {IEEE Access},
  year = {2018},
  pages = {1--1},
  doi = {10.1109/ACCESS.2018.2810267}
}
@inproceedings{sabah2021,
  author = {Noor Sabah and Suhad Yousif},
  title = {Canopy with k-means clustering algorithm for High-Dimensional Data analytics},
  booktitle = {AIP Conference Proceedings},
  volume = {2334},
  year = {2021},
  pages = {070006},
  doi = {10.1063/5.0042398}
}
@inproceedings{mccallum2000,
  author = {A. McCallum and K. Nigam and L. H. Ungar},
  title = {Efficient clustering of high-dimensional data sets with application to reference matching},
  booktitle = {Proceedings of the 6th ACM SIGKDD International Conference on Knowledge Discovery and Data Mining},
  year = {2000},
  pages = {169--178}
}
@article{guha1998,
  author = {S. Guha and R. Rastogi and K. Shim},
  title = {CURE: An efficient clustering algorithm for large databases},
  journal = {ACM SIGMOD Record},
  volume = {27},
  number = {2},
  year = {1998},
  pages = {73--84}
}
@article{halko2011,
  author = {N. Halko and P. G. Martinsson and J. A. Tropp},
  title = {Finding structure with randomness: Probabilistic algorithms for constructing approximate matrix decompositions},
  journal = {SIAM Review},
  volume = {53},
  number = {2},
  year = {2011},
  pages = {217--288}
}
@article{havens2012,
  author = {T. C. Havens and J. C. Bezdek and C. Leckie and K. Ramamohanarao and M. Palaniswami},
  title = {A hybrid fuzzy clustering algorithm},
  journal = {IEEE Transactions on Fuzzy Systems},
  volume = {20},
  number = {6},
  year = {2012},
  pages = {1178--1192}
}
@article{pedregosa2011,
  author = {F. Pedregosa and G. Varoquaux and A. Gramfort and V. Michel and B. Thirion and O. Grisel and E. Duchesnay},
  title = {Scikit-learn: Machine learning in Python},
  journal = {Journal of Machine Learning Research},
  volume = {12},
  year = {2011},
  pages = {2825--2830}
}
@article{dash2002,
  author = {Manoranjan Dash and Kiseok Choi and Peter Scheuermann and Huan Liu},
  title = {Feature Selection for Clustering -- A Filter Solution},
  journal = {Unknown},
  year = {2002}
}
@article{calinski1974,
  author = {T. Calinski and J. Harabasz},
  title = {A dendrite method for cluster analysis},
  journal = {Communications in Statistics},
  volume = {3},
  number = {1},
  year = {1974},
  pages = {1--27}
}
@article{davies1979,
  author = {D. L. Davies and D. W. Bouldin},
  title = {A cluster separation measure},
  journal = {IEEE Transactions on Pattern Analysis and Machine Intelligence},
  volume = {PAMI-1},
  number = {2},
  year = {1979},
  pages = {224--227}
}
@article{hubert1985,
  author = {L. Hubert and P. Arabie},
  title = {Comparing partitions},
  journal = {Journal of Classification},
  volume = {2},
  number = {1},
  year = {1985},
  pages = {193--218}
}
@article{rousseeuw1987,
  author = {P. J. Rousseeuw},
  title = {Silhouettes: A graphical aid to the interpretation and validation of cluster analysis},
  journal = {Journal of Computational and Applied Mathematics},
  volume = {20},
  year = {1987},
  pages = {53--65}
}
@article{rykov2024,
  author = {Andrei Rykov and Renato Amorim and Vladimir Makarenkov and Boris Mirkin},
  title = {Inertia-Based Indices to Determine the Number of Clusters in K-Means: An Experimental Evaluation},
  journal = {IEEE Access},
  year = {2024},
  pages = {1--1},
  doi = {10.1109/ACCESS.2024.3350791}
}
@article{lima2020,
  author = {Suzane Lima and Marcelo Cruz},
  title = {A genetic algorithm using Calinski-Harabasz index for automatic clustering problem},
  journal = {Revista Brasileira de Computação Aplicada},
  volume = {12},
  pages = {97--106},
  year = {2020},
  doi = {10.5335/rbca.v12i3.11117}
}
@misc{siddique2018,
  author = {M. A. B. Siddique and N. Akhtar and M. M. Khan and M. Z. Islam},
  title = {Implementation of Fuzzy C-Means and Possibilistic C-Means clustering algorithms, cluster tendency analysis and cluster validation},
  year = {2018},
  note = {arXiv:1809.08417}
}
@article{lloyd1982,
  author = {S. P. Lloyd},
  title = {Least Squares Quantization in PCM},
  journal = {IEEE Transactions on Information Theory},
  volume = {28},
  number = {2},
  year = {1982},
  pages = {129--137}
}
@book{jain1988,
  author = {A.K. Jain and R.C. Dubes},
  title = {Algorithms for Clustering Data},
  publisher = {Printice Hall},
  year = {1988}
}
@book{kaufman1990,
  author = {L. Kaufman and P. J. Rousseeuw},
  title = {Finding Groups in Data: An Introduction to Cluster Analysis},
  publisher = {Wiley},
  year = {1990}
}
@dataset{mirsky2020,
  author = {Y. Mirsky},
  title = {Kitsune Network attack dataset},
  year = {2020},
  url = {https://www.kaggle.com/datasets/ymirsky/network-attack-dataset-kitsune}
}
@dataset{kaggle2025,
  author = {Kaggle},
  title = {Meta Kaggle},
  year = {2025},
  url = {https://www.kaggle.com/datasets/kaggle/meta-kaggle}
}
@dataset{allen2020,
  author = {Allen Institute for AI},
  title = {CORD-19 research challenge},
  year = {2020},
  url = {https://www.kaggle.com/datasets/allen-institute-for-ai/CORD-19-research-challenge}
}
@inproceedings{comparative2022,
  author = {Unknown},
  title = {Comparative Study of Clustering Algorithms in Parallel and Serial Environments},
  booktitle = {INCOFT},
  year = {2022},
  url = {https://doi.org/10.1109/incoft55651.2022.10094354}
}
@incollection{wasim2024,
  author = {Muhammad Wasim and others},
  title = {Effectiveness of Internal Evaluation Metrics for Community Detection Based on Clustering},
  booktitle = {Springer International Publishing},
  year = {2024},
  pages = {65--75},
  url = {https://doi.org/10.1007/978-981-99-8324-7_7}
}
@inproceedings{tortarolo2023,
  author = {Dora Tortarolo and others},
  title = {OmniReprodubileCellAnalysis: A Comprehensive Toolbox for the Analysis of Cellular Biology Data},
  booktitle = {BIBM},
  year = {2023},
  url = {https://doi.org/10.1109/bibm58861.2023.10385438}
}
@misc{mhembere2019,
  author = {Disa Mhembere and others},
  title = {clusterNOR: A NUMA-Optimized Clustering Framework},
  year = {2019},
  url = {https://arxiv.org/pdf/1902.09527.pdf}
}
@inproceedings{mishra2022,
  author = {S. D. Mishra and N. Monath and M. Boratko and A. Kobren and A. McCallum},
  title = {An Evaluative Measure of Clustering Methods Incorporating Hyperparameter Sensitivity},
  booktitle = {AAAI Conference on Artificial Intelligence},
  volume = {36},
  number = {7},
  year = {2022},
  pages = {7788--7796},
  url = {https://doi.org/10.1609/aaai.v36i7.20747}
}
@misc{zenodo2023,
  author = {Unknown},
  title = {Reproducible Codes and Results for Post-Clustering Difference Testing Valid Inference (Version V2)},
  year = {2023},
  url = {https://doi.org/10.5281/zenodo.7660128}
}
@inproceedings{rony2023,
  author = {Main Uddin Rony and others},
  title = {Augmenting Visualizations with Predictive and Investigative Insights to Facilitate Decision Making},
  booktitle = {The Web Conference},
  year = {2023},
  url = {https://doi.org/10.1145/3543873.3587317}
}
@article{mousavian2021,
  author = {S. A. Mousavian Anaraki and A. Haeri and F. Moslehi},
  title = {A hybrid reciprocal model of PCA and K-means with an innovative approach of considering sub-datasets for the improvement of K-means initialization and step-by-step labeling to create clusters with high interpretability},
  journal = {Pattern Analysis and Applications},
  volume = {24},
  number = {3},
  year = {2021},
  pages = {1387--1402},
  url = {https://doi.org/10.1007/S10044-021-00977-X}
}
@article{askari2021,
  author = {S. Askari},
  title = {Fuzzy C-Means clustering algorithm for data with unequal cluster sizes and contaminated with noise and outliers: Review and development},
  journal = {Expert Systems With Applications},
  volume = {165},
  year = {2021},
  pages = {113856},
  url = {https://doi.org/10.1016/J.ESWA.2020.113856}
}
@misc{kilic2022,
  author = {Emre Kılıç},
  title = {Enhancing Scalability in Collaborative Filtering Challenges and Solutions},
  year = {2022}
}
@article{yan2006,
  author = {Jun Yan and Benyu Zhang and Shuicheng Yan and Ning Liu and Qiang Yang and Qiansheng Cheng and Hua Li and Zheng Chen and Wei-Ying Ma},
  title = {A scalable supervised algorithm for dimensionality reduction on streaming data},
  journal = {Information Sciences},
  volume = {176},
  year = {2006},
  pages = {2042--2065},
  doi = {10.1016/j.ins.2005.11.005}
}
@article{chhajer2024,
  author = {H. Chhajer and R. Roy},
  title = {Rationalised experiment design for parameter estimation with sensitivity clustering},
  journal = {Scientific Reports},
  volume = {14},
  year = {2024},
  pages = {25864},
  url = {https://doi.org/10.1038/s41598-024-75539-2}
}
@article{liu2022,
  author = {T. Liu and H. Yu and R. H. Blair},
  title = {Stability estimation for unsupervised clustering: A review},
  journal = {Wiley Interdisciplinary Reviews: Computational Statistics},
  volume = {14},
  number = {6},
  year = {2022},
  pages = {e1575},
  url = {https://doi.org/10.1002/wics.1575}
}
@article{ros2023,
  author = {Frédéric Ros and Rabia Riad and Serge Guillaume},
  title = {PDBI: A partitioning Davies-Bouldin index for clustering evaluation},
  journal = {Neurocomputing},
  volume = {528},
  year = {2023},
  pages = {178--199},
  url = {https://doi.org/10.1016/j.neucom.2023.01.043}
}
@inproceedings{shahapure2020,
  author = {K. R. Shahapure and C. Nicholas},
  title = {Cluster Quality Analysis Using Silhouette Score},
  booktitle = {2020 IEEE 7th International Conference on Data Science and Advanced Analytics (DSAA)},
  year = {2020},
  address = {Sydney, NSW, Australia},
  pages = {747--748},
  doi = {10.1109/DSAA49011.2020.00096}
}
@article{warrens2022,
  author = {Matthijs J. Warrens and Hanneke van der Hoef},
  title = {Understanding the Adjusted Rand Index and Other Partition Comparison Indices Based on Counting Object Pairs},
  journal = {Journal of Classification},
  volume = {39},
  number = {3},
  year = {2022},
  pages = {487--509},
  url = {https://doi.org/10.1007/s00357-022-09413-z}
}
@article{vonlinde2024,
  author = {H. von Linde and O. Riedel},
  title = {A methodology for evaluating feature selection and clustering methods with project-specific requirements},
  journal = {International Journal of Production Research},
  volume = {63},
  number = {5},
  year = {2024},
  pages = {1692--1706},
  url = {https://doi.org/10.1080/00207543.2024.2384597}
}
@article{wang2023,
  author = {Peng Wang and Bing Xue and Jing Liang and Mengjie Zhang},
  title = {Feature clustering-Assisted feature selection with differential evolution},
  journal = {Pattern Recognition},
  volume = {140},
  year = {2023},
  pages = {109523},
  issn = {0031-3203},
  url = {https://doi.org/10.1016/j.patcog.2023.109523}
}
@inproceedings{kurup2024,
  author = {H. Kurup and S. Murali},
  title = {A Variance Threshold and Clustering Based Approach for Automatic Marine Target Recognition for Synthetic Aperture Radars},
  booktitle = {2024 Fourth International Conference on Multimedia Processing, Communication & Information Technology (MPCIT)},
  year = {2024},
  address = {Shivamogga, India},
  pages = {152--155},
  doi = {10.1109/MPCIT62449.2024.10892695}
}
@article{hiba2015,
  author = {Jasim Hiba and Hiba Hadi and Ammar Hameed Shnain and Sarah Hadishaheed and Azizahbt Haji},
  title = {HIGH-DIMENSIONAL DATA AND FIVE V'S CHARACTERISTICS},
  journal = {Unknown},
  year = {2015},
  pages = {2393--2835}
}
@article{sasikumar2023,
  author = {A. Sasikumar and others},
  title = {A Secure High-Dimensional Data Storage Framework Based on Blockchain Consensus Mechanism With Flexible Finality},
  journal = {IEEE Access},
  year = {2023},
  month = {June}
}
@article{acciarini2023,
  author = {Chiara Acciarini and Francesco Cappa and Paolo Boccardelli and Raffaele Oriani},
  title = {How can organizations leverage High-Dimensional Data to innovate their business models? A systematic literature review},
  journal = {Technovation},
  volume = {123},
  year = {2023},
  pages = {102713},
  issn = {0166-4972},
  url = {https://doi.org/10.1016/j.technovation.2023.102713}
}
@article{badshah2024,
  author = {A. Badshah and A. Daud and R. Alharbey and others},
  title = {High-Dimensional Data applications: overview, challenges and future},
  journal = {Artificial Intelligence Review},
  volume = {57},
  year = {2024},
  pages = {290},
  url = {https://doi.org/10.1007/s10462-024-10938-5}
}
@article{awrahman2022,
  author = {BJ Awrahman and Fatah C Aziz and MY Hamaamin},
  title = {A Review of the Role and Challenges of High-Dimensional Data in Healthcare Informatics and Analytics},
  journal = {Computational Intelligence and Neuroscience},
  year = {2022},
  month = {September},
  pages = {5317760},
  doi = {10.1155/2022/5317760}
}
@article{li2024,
  author = {H. Li and J. Wang},
  title = {From Soft Clustering to Hard Clustering: A Collaborative Annealing Fuzzy $c$-Means Algorithm},
  journal = {IEEE Transactions on Fuzzy Systems},
  volume = {32},
  number = {3},
  year = {2024},
  pages = {1181--1194},
  doi = {10.1109/TFUZZ.2023.3319663}
}
@article{li2023,
  author = {D. Li and S. Zhou and W. Pedrycz},
  title = {Accelerated fuzzy C-means clustering based on new affinity filtering and membership scaling},
  journal = {IEEE Transactions on Knowledge and Data Engineering},
  volume = {35},
  number = {12},
  year = {2023},
  pages = {12337--12449},
  url = {https://arxiv.org/abs/2302.07060}
}
@misc{alam2023,
  author = {A. Alam},
  title = {Hybridization of K-means with improved firefly algorithm for automatic clustering in high dimension},
  year = {2023},
  note = {arXiv:2302.10765}
}
@article{yang2021,
  author = {Y. Yang and Z. Wang and K. Liu and H. Zhu},
  title = {Digital Media Image Recognition Method Based on Improved Fuzzy C-means Clustering Analysis},
  journal = {Journal of Physics: Conference Series},
  volume = {1982},
  number = {1},
  year = {2021},
  pages = {012097},
  url = {http://dx.doi.org/10.1088/1742-6596/1982/1/012097}
}
@inproceedings{mallik2021b,
  author = {M.A. Mallik and N.F. Zulkurnain and M.K. Nizamuddin and A. KC},
  title = {An Efficient Fuzzy C-Least Median Clustering Algorithm},
  booktitle = {IOP Conference Series: Materials Science and Engineering},
  volume = {1070},
  year = {2021},
  pages = {012050},
  url = {http://dx.doi.org/10.1088/1757-899X/1070/1/012050}
}
@incollection{jha2020,
  author = {P. Jha and A. Tiwari and N. Bharill and M. Ratnaparkhe and N. Nagendra and M. Mounika},
  title = {Fuzzy-Based Kernelized Clustering Algorithms for Handling High-Dimensional Data Using Apache Spark},
  booktitle = {Advances in Intelligent Systems and Computing},
  publisher = {Springer Singapore},
  year = {2020},
  pages = {423--435},
  url = {http://dx.doi.org/10.1007/978-981-15-8603-3_37}
}
@inproceedings{khalid2015,
  author = {A. Khalid and M.A. Ghazanfar and A. Azam and S.A. Alahmari},
  title = {A scalable and practical one-pass clustering algorithm for recommender system},
  booktitle = {SPIE Proceedings},
  volume = {9875},
  year = {2015},
  pages = {987526},
  url = {http://dx.doi.org/10.1117/12.2229516}
}
@misc{feldman2018,
  author = {D. Feldman and M. Schmidt and C. Sohler},
  title = {Turning High-Dimensional Data into tiny data: Constant-size coresets for k-means, PCA and projective clustering},
  year = {2018},
  url = {https://arxiv.org/abs/1807.04518}
}
@article{thudumu2020,
  author = {S. Thudumu and P. Branch and J. Jin and J. Singh},
  title = {A comprehensive survey of anomaly detection techniques for high dimensional High-Dimensional Data},
  journal = {Journal of High-Dimensional Data},
  volume = {7},
  number = {1},
  year = {2020},
  url = {http://dx.doi.org/10.1186/s40537-020-00320-x}
}
@article{younas2019,
  author = {M. Younas},
  title = {Research challenges of High-Dimensional Data},
  journal = {SOCA},
  volume = {13},
  number = {2},
  year = {2019},
  pages = {105--107},
  url = {http://dx.doi.org/10.1007/s11761-019-00265-x}
}
@article{zhu2023,
  author = {Jinxing Zhu and Xueling Ma and Luis Martínez and Jianming Zhan},
  title = {A Probabilistic Linguistic Three-Way Decision Method With Regret Theory via Fuzzy c-Means Clustering Algorithm},
  journal = {IEEE Transactions on Fuzzy Systems},
  volume = {31},
  year = {2023},
  pages = {2821--2835}
}
@article{hashemi2023b,
  author = {Seyed Emadedin Hashemi and Fatemeh Gholian-Jouybari and Mostafa Hajiaghaei-Keshteli},
  title = {A fuzzy C-means algorithm for optimizing data clustering},
  journal = {Expert Systems with Applications},
  volume = {227},
  year = {2023},
  pages = {120377}
}
@inproceedings{panapakidis2019,
  author = {Ioannis P. Panapakidis and Athanasios S. Dagoumas},
  title = {Load curves partitioning with the application of soft clustering algorithms},
  booktitle = {54th International Universities Power Engineering Conference (UPEC)},
  year = {2019},
  pages = {1}
}
@article{kodipalli2023,
  author = {Ashwini Kodipalli and Steven Lawrence Fernandes and Santosh K. Dasar and Taha Ismail},
  title = {Computational Framework of Inverted Fuzzy C-Means and Quantum Convolutional Neural Network Towards Accurate Detection of Ovarian Tumors},
  journal = {International Journal of E Health Medical Communication},
  volume = {14},
  year = {2023},
  pages = {1--16}
}
@inproceedings{ravuri2020,
  author = {Vasavi Ravuri and S. Vasundra},
  title = {Moth-Flame Optimization-Bat Optimization: Map-Reduce Framework for High-Dimensional Data Clustering Using the Moth-Flame Bat Optimization and Sparse Fuzzy C-Means},
  booktitle = {High-Dimensional Data},
  year = {2020}
}
@article{karras2023,
  author = {Christos N. Karras and Aristeidis Karras and Konstantinos C. Giotopoulos and Markos Avlonitis and Spyros Sioutas},
  title = {Consensus High-Dimensional Data Clustering for Bayesian Mixture Models},
  journal = {Algorithms},
  volume = {16},
  year = {2023},
  pages = {245}
}
@article{li2024b,
  author = {Shuai Li and Nan Jin and Azadeh Dogani and Yang Yang and Ming Zhang and Xiangyun Gu},
  title = {Enhancing LightGBM for Industrial Fault Warning: An Innovative Hybrid Algorithm},
  journal = {Processes},
  year = {2024}
}
@misc{chang2025,
  author = {Y chin I Chang},
  title = {A Survey: Potential Dimensionality Reduction Methods},
  year = {2025},
  url = {https://arxiv.org/abs/2502.11036}
}
@article{gewers2021,
  author = {FL Gewers and GR Ferreira and HFD Arruda and FN Silva and CH Comin and DR Amancio and others},
  title = {Principal Component Analysis},
  journal = {ACM Computing Surveys},
  volume = {54},
  number = {4},
  year = {2021},
  pages = {1--34},
  url = {http://dx.doi.org/10.1145/3447755}
}
@article{wang2019,
  author = {S. Wang and X. Liu and L. Xiang},
  title = {An improved initialisation method for K-means algorithm optimised by Tissue-like P system},
  journal = {International Journal of Parallel, Emergent and Distributed Systems},
  volume = {36},
  number = {1},
  year = {2019},
  pages = {3--10},
  url = {http://dx.doi.org/10.1080/17445760.2019.1682144}
}
@inproceedings{cabrera2019,
  author = {JJD Cabrera and AM Sison and RP Medina},
  title = {Centroid 360},
  booktitle = {Proceedings of the 2019 2nd International Conference on Data Science and Information Technology},
  publisher = {ACM},
  year = {2019},
  pages = {230--235},
  url = {http://dx.doi.org/10.1145/3352411.3352447}
}
@inproceedings{song2021,
  author = {S Song and F Gao and R Huang and Y Wang},
  title = {On Saving Outliers for Better Clustering over Noisy Data},
  booktitle = {Proceedings of the 2021 International Conference on Management of Data},
  publisher = {ACM},
  year = {2021},
  pages = {1692--1704},
  url = {http://dx.doi.org/10.1145/3448016.3457271}
}
@misc{dorabiala2021,
  author = {O Dorabiala and JN Kutz and A Aravkin},
  title = {Robust Trimmed k-means},
  year = {2021},
  url = {https://arxiv.org/abs/2108.07186}
}
